<?xml version="1.0" encoding="UTF-8"?><collection xmlns="http://www.loc.gov/MARC21/slim"><record><leader>00329nam--2200121-i-4500</leader><controlfield tag="001">000015904</controlfield><controlfield tag="002">20161230</controlfield><controlfield tag="005">20161230201031</controlfield><controlfield tag="008">060222s1000------------r-----000-0-eng-d</controlfield><datafield ind1=" " ind2=" " tag="080"><subfield code="a">061.62.(82)(047.1)</subfield></datafield><datafield ind1=" " ind2=" " tag="245"><subfield code="a">Memoria anual 1982 comision nacional de energia atomica</subfield></datafield><datafield ind1=" " ind2=" " tag="260"><subfield code="a">Buenos Aires, C.N.E.A., 1985. 58 P</subfield></datafield><datafield ind1=" " ind2=" " tag="852"><subfield code="a">24062</subfield></datafield></record></collection>